@online{rectifier,
  title={Full Wave Rectifier},
  author={ElectronicsTutorials},
  year={2023},
  urldate={20-05-2023},
  url={\url{https://www.electronics-tutorials.ws/diode/diode_6.html}},
}

@online{silicionDiodeThresholdVoltage,
    title={Introduction to Diodes And Rectifiers},
    url={\url{https://www.allaboutcircuits.com/textbook/semiconductors/chpt-3/introduction-to-diodes-and-rectifiers/}},
    author={AllAboutCircuits},
    year={2023},
    urldate={20-05-2023}
}

